@article{alperin,
  TITLE={Groups and Representations},
  AUTHOR={Alperin, JL and Bell, Rowen B and others},
  PUBLISHER={New York, NY: Springer New York: Imprint: Springer},
}

@book{hungerford,
  TITLE={Algebra},
  AUTHOR={Hungerford, Thomas W},
  VOLUME={73},
  YEAR={2012},
  PUBLISHER={Springer Science \& Business Media},
}

@book{dickson,
  TITLE={Linear groups: With an exposition of the Galois field theory},
  AUTHOR={Dickson, Leonard Eugene},
  VOLUME={6},
  YEAR={1901},
  PUBLISHER={BG Teubner},
}

@book{bhattacharya,
  TITLE={Basic abstract algebra},
  AUTHOR={Bhattacharya, Phani Bhushan and Jain, Surender Kumar and Nagpaul, SR},
  YEAR={1994},
  PUBLISHER={Cambridge University Press},
}

@book{dummit,
  TITLE={Abstract algebra},
  AUTHOR={Dummit, David Steven and Foote, Richard M and others},
  VOLUME={3},
  YEAR={2004},
  PUBLISHER={Wiley Hoboken},
}

@book{matrix,
  TITLE={Matrix Theory},
  AUTHOR={Holst, Anders and Ufnarovski, Victor},
  YEAR={2014},
  PUBLISHER={Studentlitteratur},
}

@incollection {ddt,
    AUTHOR = {Darmon, Henri and Diamond, Fred and Taylor, Richard},
     TITLE = {Fermat's last theorem},
 BOOKTITLE = {Current developments in mathematics, 1995 ({C}ambridge, {MA})},
     PAGES = {1--154},
 PUBLISHER = {Int. Press, Cambridge, MA},
      YEAR = {1994},
      ISBN = {1-57146-029-2},
   MRCLASS = {11G18 (11D41 11F80 11G05)},
  MRNUMBER = {1474977},
MRREVIEWER = {M.\ Ram\ Murty},
}

@article{sangwin,
  title={Sums of the first n odd integers},
  author={Sangwin, Chris},
  journal={The Mathematical Gazette},
  volume={107},
  number={568},
  pages={10--24},
  year={2023},
  publisher={Cambridge University Press}
}