@article{alperin,
  title={Groups and Representations [electronic resource]},
  author={Alperin, JL and Bell, Rowen B and others},
  publisher={New York, NY: Springer New York: Imprint: Springer,}
}

@book{hungerford,
  title={Algebra},
  author={Hungerford, Thomas W},
  volume={73},
  year={2012},
  publisher={Springer Science \& Business Media}
}

@book{dickson,
  title={Linear groups: With an exposition of the Galois field theory},
  author={Dickson, Leonard Eugene},
  volume={6},
  year={1901},
  publisher={BG Teubner}
}